@techreport{INEGI2020,
    author    = {INEGI},
    title     = {Encuesta Origen-Destino en Hogares de la Zona Metropolitana del Valle de México (EOD) 2017},
    institution = {Instituto Nacional de Estadística y Geografía},
    address   = {México},
    year      = {2020}
}

@book{Pearl2009,
    author    = {J. Pearl},
    title     = {Causality: Models, Reasoning, and Inference},
    edition   = {2nd},
    publisher = {Cambridge University Press},
    year      = {2009}
}

@book{KollerFriedman2009,
    author    = {D. Koller and N. Friedman},
    title     = {Probabilistic Graphical Models: Principles and Techniques},
    publisher = {MIT Press},
    year      = {2009}
}

@book{ScutariDenis2021,
    author    = {Marco Scutari and Jean-Baptiste Denis},
    title     = {Bayesian Networks: With Examples in {R}},
    edition   = {2nd},
    publisher = {Chapman and Hall/CRC},
    year      = {2022}
}

@phdthesis{CIMAT,
    author = {Gustavo Bermejo Quezada},
    title = {Aplicación de redes bayesianas
en el análisis de supervivencia.},
    school = {Centro de Investigación en Matemáticas, A.C.},
    year = {2019}
}

@mastersthesis{CIMAT2,
    author = {Abelardo Montesinos López},
    title = {ESTUDIO DEL AIC Y BIC EN LA
SELECCIÓN DE MODELOS DE VIDA
CON DATOS CENSURADOS},
    school = {Centro de Investigación en Matemáticas, A.C.},
    year = {2011}
}

@unpublished{html_M1,
    author = {Dr. Javier E. Garrido Guillén},
    title = {Módulo 1: Redes bayesianas multinomiales},
    note = {Presentación de clases dada por el Dr. Javier E. Garrido Guillén}
}

@unpublished{html_Prob,
    author = {Dr. Javier E. Garrido Guillén},
    title = {Repaso: Probabilidad y estadística},
    note = {Presentación de clases dada por el Dr. Javier E. Garrido Guillén}
}